@online{github,
    author = "Sackmann, Jeff",
    title = "Tennis ATP",
    url  = "https://github.com/JeffSackmann/tennis_atp"
}

@online{github2,
    author = "Michels, Igor Patr√≠cio",
    title = "Modelagem",
    url  = "https://github.com/IgorMichels/Modelagem"
}